@article{DBLP:journals/corr/StowellT15,
  author    = {Dan Stowell and
               Richard E. Turner},
  title     = {Denoising without access to clean data using a partitioned autoencoder},
  journal   = {CoRR},
  volume    = {abs/1509.05982},
  year      = {2015},
  url       = {http://arxiv.org/abs/1509.05982},
  timestamp = {Thu, 01 Oct 2015 14:28:48 +0200},
  biburl    = {http://dblp.uni-trier.de/rec/bib/journals/corr/StowellT15},
  bibsource = {dblp computer science bibliography, http://dblp.org}
}

